% Guide til oprettelsen og anvendelsen af referencer:
%       1) Foretag søgning på 'Google Scholar'
%       2) Når kilde er fundet, så tryk på citationstegn
%       3) Tryk på 'Bibtex'
%       4) Kopiér indholdet af den nye fane og indsæt i DENNE BIB-FIL!!!
%       5) Ændre nogle af oplysningerne, hvis der er behov (især label!)
%       6) Gå til Main.tex og indsæt reference ved indsættelse af:
%          '\citep{'label'}'
%           Det er selvfølgelig uden apostrof, og label er identisk med den valgte label               til den specifikke kilde.
%%%%%%%%%%%%%%%%%%%%%%%%%%%%%%%%%%%%%%%%%%%%%%%%%%%%%%%%%%%%%%%%%%%%%%%%%%%%%%%%%%%%%%%%
% Danvak
@book{Danvak,
  title={Varme-og klimateknik: grundbog},
  author={Hansen, HE and Stampe, Ole B and Kjerulf-Jensen, P},
  year={2013},
  publisher={Danvak-Dansk Selskab for Varme og Klimateknisk Samarbejde}
}


% Termodynamikbogen:
@book{termo,
  title={Termodynamik: Teoretisk grundlag-Praktisk anvendelse},
  author={Lauritsen, Aage Birkkj{\ae}r and Eriksen, Aage Bredahl},
  year={2012},
  publisher={Nyt Teknisk Forlag}
}

% Køleteknik
@article{koleteknik,
  title={K{\o}leteknik: Termodynamisk grundlag-Beregning-Dimensionering},
  author={Vestergaard, Jens Brusgaard and Lauritsen, Aage Birkkj{\ae}r},
  year={2018},
  publisher={Praxis}
}

% Den blå bog:
@book{blaabog,
  title={Mechanical and metal trades handbook},
  author={Fischer, Ulrich and Gomeringer, Roland and Heinzler, M and Kilgus, R and N{\"a}her, F and Oesterle, S and Paetzold, H and Stephan, Andreas},
  year={2010},
  publisher={Europa Lehrmittel}
}

% Maskinståbi:
@book{staabi,
  title={Maskin stabi 9th},
  author={Krex, Helge E},
  year={2011},
  publisher={Teknisk Forlag A/S}
}

% Grundlagen der Wärmeübertragung:
@book{Grundlagen_der_Wärmeübertragung,
  title={Grundlagen der Wärmeübertragung},
  author={Hell, Friedrich},
  year={1982},
  publisher={VDI-Verlag}
}

% Mechanics of Materials:
@article{gere,
  title={Mechanics of Materials 8th},
  author={Gere, James M and Goodno, Barry J},
  journal={Brooks Cole},
  year={2013}
}

% Shingley
@book{shingley,
  title={Shigley's mechanical engineering design 10th},
  author={Shigley, Joseph Edward},
  year={2014},
  publisher={Tata McGraw-Hill Education}
}

% Kompressor
@manual{Coolselector,
	title		= "Coolselector, V.3.0.1",
	author		= "Coolselector ",
	organization	= "Danfoss",
	year		= "1990-2018",
}

% Aages noter
@phdthesis{Noter_Aage,
	author		= "Lauritsen, Aage",
	title		= "Lamelvarmevekslere",
	school		= "Aarhus University",
	year		= "2018",
}

% Eksempel - ignorér:
@misc{newton,
  title={User identification and authentication system using ultra long identification keys and ultra large databases of identification keys for secure remote terminal access to a host computer},
  author={Newton, Farrell and Williams, Gareth},
  year={1998},
  month=jun # "~23",
  publisher={Google Patents},
  note={US Patent 5,771,291}
}

% Coolpack 
@BOOK{Coolpack,
AUTHOR = {Coolpack, Morten Juel Skovrup},
TITLE = {Coolpack},
EDITION = {1,50},
PUBLISHER = {IPU & Department of Mechanical Engineering Technical University of Denmark},
YEAR = {2012},
}

% Learn Engineering 
@online{learneng,
        title = {How does a refrigerator work?},
        date = {30-09-2017},
        organization = {Youtube},
        author = {Engineering, Learn},
        url = {https://www.youtube.com/watch?v=7NwxMyqUyJw&list=LLHz7pjgKIGAPFC5FYa4Ir9Q&fbclid=IwAR06dHXHxIgDbe8S6tHmy49yJYLDi0m5y-bw7XRU72jHs6Mt-wXv0Cp7ItI},
}

% Learn Engineering 
@online{koelemiddelR,
        title = {AGA, Industrielle Gasser Danmark},
        date = 2018},
        organization = {AGA, Industrielle Gasser Danmark, R134a},
        author = {AGA},
        url = {http://www.aga.dk/da/products_ren/refrigerants/hfc_gases/r134a/index.html},
}

% Learn Engineering 
@online{whiteaway,
        title = {Whiteaway},
        date = 2018},
        organization = {Guide: Vælg det helt rigtige køleskab},
        author = {Whiteaway},
        url = {https://www.whiteaway.com/hverdagen/post/vaelg-det-helt-rigtige-koeleskab/},
}

% Experimentarium
@online{exp,
        title = {Experimentarium},
        date = 2018},
        organization = {Experimentarium, Drivhusgasser},
        author = {Experimentarium},
        url = {https://www.experimentarium.dk/klima/drivhusgasser/},
}
